<?xml version="1.0" encoding="UTF-8"?><collection xmlns="http://www.loc.gov/MARC21/slim"><record><leader>00300nam--2200109-i-4500</leader><controlfield tag="001">000034895</controlfield><controlfield tag="002">20161230</controlfield><controlfield tag="005">20161230201040</controlfield><controlfield tag="008">060222s1000------------r-----000-0-eng-d</controlfield><datafield ind1=" " ind2=" " tag="245"><subfield code="a">North american aviation. 36th annual report 1963</subfield></datafield><datafield ind1=" " ind2=" " tag="260"><subfield code="a">Canoga Park, Atomics Intern.Devision, 1964, 35p</subfield></datafield><datafield ind1=" " ind2=" " tag="852"><subfield code="a">18163</subfield></datafield></record></collection>